@article{kurpati2002constraint,
  title={Constraint handling improvements for multiobjective genetic algorithms},
  author={Kurpati, A and Azarm, S and Wu, J},
  journal={Structural and Multidisciplinary Optimization},
  volume={23},
  number={3},
  pages={204--213},
  year={2002},
  publisher={Springer}
}

@article{deb2001multi,
  title={Multi-objective optimization using evolutionary algorithms, 2001},
  author={Deb, Kalyanmoy},
  journal={Chicheter, John-Wiley.},
  year={2001}
}

